@misc{schaul2015prioritized,
    title={Prioritized Experience Replay},
    author={Tom Schaul and John Quan and Ioannis Antonoglou and David Silver},
    year={2015},
    eprint={1511.05952},
    archivePrefix={arXiv},
    primaryClass={cs.LG}
}
@article{Watkins1989,
    author = {Watkins, Christopher},
    year = {1989},
    month = {01},
    pages = {},
    title = {Learning From Delayed Rewards}
}
@article{Mnih2015,
    author = {Mnih, Volodymyr and Kavukcuoglu, Koray and Silver, David and Rusu, Andrei and Veness, Joel and Bellemare, Marc and Graves, Alex and Riedmiller, Martin and Fidjeland, Andreas and Ostrovski, Georg and Petersen, Stig and Beattie, Charles and Sadik, Amir and Antonoglou, Ioannis and King, Helen and Kumaran, Dharshan and Wierstra, Daan and Legg, Shane and Hassabis, Demis},
    year = {2015},
    month = {02},
    pages = {529-33},
    title = {Human-level control through deep reinforcement learning},
    volume = {518},
    journal = {Nature},
    doi = {10.1038/nature14236}
}

@misc{hasselt2015deep,
    title={Deep Reinforcement Learning with Double Q-learning},
    author={Hado van Hasselt and Arthur Guez and David Silver},
    year={2015},
    eprint={1509.06461},
    archivePrefix={arXiv},
    primaryClass={cs.LG}
}